@misc{BibEntry2025May,
	title = {{Open MPI v5.0.x {\ifmmode---\else\textemdash\fi} Open MPI 5.0.x documentation}},
	year = {2025},
	month = may,
	note = {[Online; accessed 17. May 2025]},
	url = {https://docs.open-mpi.org/en/v5.0.x}
}